@article{devlin2018bert,
  title={Bert: Pre-training of deep bidirectional transformers for language understanding},
  author={Devlin, Jacob and Chang, Ming-Wei and Lee, Kenton and Toutanova, Kristina},
  journal={arXiv preprint arXiv:1810.04805},
  year={2018}
}

@article{krizhevsky2017imagenet,
  title={Imagenet classification with deep convolutional neural networks},
  author={Krizhevsky, Alex and Sutskever, Ilya and Hinton, Geoffrey E},
  journal={Communications of the ACM},
  volume={60},
  number={6},
  pages={84--90},
  year={2017},
  publisher={AcM New York, NY, USA}
}

@inproceedings{he2016deep,
  title={Deep residual learning for image recognition},
  author={He, Kaiming and Zhang, Xiangyu and Ren, Shaoqing and Sun, Jian},
  booktitle={Proceedings of the IEEE conference on computer vision and pattern recognition},
  pages={770--778},
  year={2016}
}

@book{mitchell1980need,
  title={The need for biases in learning generalizations},
  author={Mitchell, Tom M},
  year={1980},
  publisher={Citeseer}
}

@techreport{newell1980mechanisms,
  title={Mechanisms of skill acquisition and the law of practice.},
  author={Newell, Allen and Rosenbloom, Paul S},
  year={1980},
  institution={CARNEGIE-MELLON UNIV PITTSBURGH PA DEPT OF COMPUTER SCIENCE}
}

@book{goodfellow2016deep,
	title={Deep learning},
	author={Goodfellow, Ian and Bengio, Yoshua and Courville, Aaron},
	year={2016},
	publisher={MIT press}
}

@inproceedings{mathieu2010algorithme,
	title={Algorithme des k plus proches voisins pond{\'e}r{\'e}s et application en diagnostic},
	author={Mathieu-Dupas, Eve},
	year={2010}
}

@book{Jurafsky,
author = {Jurafsky, Daniel and Martin, James H.},
title = {Speech and Language Processing (3nd Edition)},
year = {(Draft) October 16, 2019},
}

%c'est à commenter
@MISC{Anaconda,
  Key = {Anaconda},
  TITLE = {Anaconda Documentation},
  HOWPUBLISHED = {anaconda, \url{http://docs.anaconda.com/anaconda/navigator/}},
  EDITOR = { 2020 Anaconda, Inc. },
  YEAR = {Accessed July 2020}
  }
  
@MISC{Webots,
  Key = {Webots},
  TITLE = {Commercial Mobile Robot Simulation Software},
  HOWPUBLISHED = {Webots, \url{www.cyberbotics.com}},
  EDITOR = { 2020 Anaconda, Inc. },
  YEAR = {Accessed April 2013}
  }

@MISC{Mr_Mint,
  Key = {Webots},
  TITLE = {Machine Learning made easy},
  HOWPUBLISHED = {Webots, \url{https://mrmint.fr/introduction_k_nearest_neighbors}},
  EDITOR = { 2020 Anaconda, Inc. },
  YEAR = {Accessed April 2013}
  }
  
@book{shalev2014understanding,
  title={Understanding machine learning: From theory to algorithms},
  author={Shalev-Shwartz, Shai and Ben-David, Shai},
  year={2014},
  publisher={Cambridge university press}
}

@misc{alpaydin2020introduction,
  title={Introduction to Machine Learning, (Adaptive Computation and Machine Learning series)},
  author={Alpaydin, Ethern},
  year={2020},
  publisher={MIT Press, Cambridge, MA}
}
 @book{bishop2006pattern,
  title={Pattern recognition and machine learning},
  author={Bishop, Christopher M},
  year={2006},
  publisher={springer}
}

@book{schiffman1981introduction,
  title={Introduction to multidimensional scaling},
  author={Schiffman, Susan S and Reynolds, M Lance and Young, Forrest W},
  year={1981},
  publisher={Academic press New York}
}

@article{aronszajn1950theory,
  title={Theory of reproducing kernels},
  author={Aronszajn, Nachman},
  journal={Transactions of the American mathematical society},
  volume={68},
  number={3},
  pages={337--404},
  year={1950},
  publisher={JSTOR}
}


@article{biettiapprentissage,
  title={Apprentissage par m{\'e}thodes {\`a} noyaux en reconnaissance d’images},
  author={Bietti, Alberto}
}


@inproceedings{bach2009apprentissage,
  title={Apprentissage par noyaux multiples},
  author={Bach, Francis},
  year={2009}
}


@inproceedings{schwartz1947theorie,
  title={Th{\'e}orie des distributions et transformation de Fourier},
  author={Schwartz, Laurent},
  booktitle={Annales de l'universit{\'e} de Grenoble},
  volume={23},
  pages={7--24},
  year={1947}
}


@article{boyd2007tutorial,
  title={A tutorial on geometric programming},
  author={Boyd, Stephen and Kim, Seung-Jean and Vandenberghe, Lieven and Hassibi, Arash},
  journal={Optimization and engineering},
  volume={8},
  number={1},
  pages={67},
  year={2007},
  publisher={Springer}
}


@article{bubeck2014theory,
  title={Theory of convex optimization for machine learning},
  author={Bubeck, S{\'e}bastien},
  journal={arXiv preprint arXiv:1405.4980},
  volume={15},
  year={2014},
  publisher={Citeseer}
}


@book{sra2012optimization,
  title={Optimization for machine learning},
  author={Sra, Suvrit and Nowozin, Sebastian and Wright, Stephen J},
  year={2012},
  publisher={Mit Press}
}


@book{debnath2005introduction,
  title={Introduction to Hilbert spaces with applications},
  author={Debnath, Lokenath and Mikusinski, Piotr and others},
  year={2005},
  publisher={Academic press}
}


@article{hofmann2008kernel,
  title={Kernel methods in machine learning},
  author={Hofmann, Thomas and Sch{\"o}lkopf, Bernhard and Smola, Alexander J},
  journal={The annals of statistics},
  pages={1171--1220},
  year={2008},
  publisher={JSTOR}
}

@incollection{jolliffe1986principal,
  title={Principal components in regression analysis},
  author={Jolliffe, Ian T},
  booktitle={Principal component analysis},
  pages={129--155},
  year={1986},
  publisher={Springer}
}
% End Dimby reference

% %Berthine ref(j'ai utilisé aussi ce qui etait deja cité)

@misc{chen2019mehryar,
  title={Mehryar Mohri, Afshin Rostamizadeh, and Ameet Talwalkar: Foundations of machine learning},
  author={Chen, Li-Pang},
  year={2019},
  publisher={Springer}
}

% Reference Babou
@book{epardoux,
  title={Intégration set Probabilité},
  author={Pardoux, Etienne},
  year={2015},
  publisher={Université Aix Marseille}
}

@book{estatML,
  title={Probability for Statistics and Machine Learning},
  author={Anirban, DasGupta},
  year={2011},
  publisher={Springer}
}

@misc{ wikistat-clustering,
author = {Wikistat},
title = {Classification non-supervisée --- Wikistat},
year = {2016},
HOWPUBLISHED = {Webots, \url{http://wikistat.fr/pdf/st-m-explo-classif.pdf}},
year = {En ligne; Page disponible le 21-janvier-2016}
}

@book{reg_lin,
  title={Régression linéaire},
  author={Arnaud, Guyader},
  year={2013}
}
%   publisher={Springer}


@book{desc_grad,
  title={Descente de gradient},
  author={Bruno, Bouzy},
  year={2005}
}
% publisher={Springer}

@article{RSA_1975__23_4_5_0,
     author = {Escoufier, Yves},
     title = {Le positionnement multidimensionnel},
     journal = {Revue de Statistique Appliqu\'ee},
     pages = {5--14},
     publisher = {Soci\'et\'e de Statistique de France},
     volume = {23},
     number = {4},
     year = {1975},
     language = {fr},
     url = {http://www.numdam.org/item/RSA_1975__23_4_5_0/}
}

@article{mariepositionnement,
  title={Positionnement Multidimensionnel: Concepts, theorie et applications},
  author={Marie-Claude, PARE}
}