@article{devlin2018bert,
  title={Bert: Pre-training of deep bidirectional transformers for language understanding},
  author={Devlin, Jacob and Chang, Ming-Wei and Lee, Kenton and Toutanova, Kristina},
  journal={arXiv preprint arXiv:1810.04805},
  year={2018}
}

@article{krizhevsky2017imagenet,
  title={Imagenet classification with deep convolutional neural networks},
  author={Krizhevsky, Alex and Sutskever, Ilya and Hinton, Geoffrey E},
  journal={Communications of the ACM},
  volume={60},
  number={6},
  pages={84--90},
  year={2017},
  publisher={AcM New York, NY, USA}
}

@inproceedings{he2016deep,
  title={Deep residual learning for image recognition},
  author={He, Kaiming and Zhang, Xiangyu and Ren, Shaoqing and Sun, Jian},
  booktitle={Proceedings of the IEEE conference on computer vision and pattern recognition},
  pages={770--778},
  year={2016}
}

@book{mitchell1980need,
  title={The need for biases in learning generalizations},
  author={Mitchell, Tom M},
  year={1980},
  publisher={Citeseer}
}

@techreport{newell1980mechanisms,
  title={Mechanisms of skill acquisition and the law of practice.},
  author={Newell, Allen and Rosenbloom, Paul S},
  year={1980},
  institution={CARNEGIE-MELLON UNIV PITTSBURGH PA DEPT OF COMPUTER SCIENCE}
}